<?xml version="1.0" encoding="UTF-8"?>
<collection xmlns="http://www.loc.gov/MARC21/slim" xmlns:xsi="http://www.w3.org/2001/XMLSchema-instance" xmlns:marc="http://www.loc.gov/MARC21/slim" xsi:schemaLocation="http://www.loc.gov/MARC21/slim http://www.loc.gov/standards/marcxml/schema/MARC21slim.xsd">
   <record>
      <marc:leader>00839cas a2200265 a 4500</marc:leader>
      <marc:controlfield tag="001">5332913</marc:controlfield>
      <marc:controlfield tag="005">20140602101947.0</marc:controlfield>
      <marc:controlfield tag="008">750920d19171942dk  x         0    0dan d</marc:controlfield>
      <marc:datafield tag="035" ind1=" " ind2=" ">
         <marc:subfield code="a">(OCoLC)ocm01639845</marc:subfield>
      </marc:datafield>
      <marc:datafield tag="035" ind1=" " ind2=" ">
         <marc:subfield code="a">(OCoLC)1639845</marc:subfield>
      </marc:datafield>
      <marc:datafield tag="040" ind1=" " ind2=" ">
         <marc:subfield code="a">MUL</marc:subfield>
         <marc:subfield code="c">MUL</marc:subfield>
         <marc:subfield code="d">IUL</marc:subfield>
         <marc:subfield code="d">OCL</marc:subfield>
         <marc:subfield code="d">OCLCQ</marc:subfield>
         <marc:subfield code="d">NjP</marc:subfield>
      </marc:datafield>
      <marc:datafield tag="043" ind1=" " ind2=" ">
         <marc:subfield code="a">ev-----</marc:subfield>
      </marc:datafield>
      <marc:datafield tag="050" ind1=" " ind2="4">
         <marc:subfield code="a">N6.5</marc:subfield>
         <marc:subfield code="b">.K546</marc:subfield>
      </marc:datafield>
      <marc:datafield tag="245" ind1="0" ind2="0">
         <marc:subfield code="a">Klingen.</marc:subfield>
      </marc:datafield>
      <marc:datafield tag="260" ind1=" " ind2=" ">
         <marc:subfield code="a">København :</marc:subfield>
         <marc:subfield code="b">Klingens redaktion,</marc:subfield>
         <marc:subfield code="c">1917-1942.</marc:subfield>
      </marc:datafield>
      <marc:datafield tag="300" ind1=" " ind2=" ">
         <marc:subfield code="a">4 v. :</marc:subfield>
         <marc:subfield code="b">ill.</marc:subfield>
         <marc:subfield code="c">27-41 cm.</marc:subfield>
      </marc:datafield>
      <marc:datafield tag="310" ind1=" " ind2=" ">
         <marc:subfield code="a">Irregular</marc:subfield>
      </marc:datafield>
      <marc:datafield tag="362" ind1="0" ind2=" ">
         <marc:subfield code="a">1. aarg. 1 (1917)-3. aarg. (1920).</marc:subfield>
      </marc:datafield>
      <marc:datafield tag="500" ind1=" " ind2=" ">
         <marc:subfield code="a">Imprint varies for [Aarg. 4]: Fischers.</marc:subfield>
      </marc:datafield>
      <marc:datafield tag="515" ind1=" " ind2=" ">
         <marc:subfield code="a">An unnumbered vol. was published in 1942.</marc:subfield>
      </marc:datafield>
      <datafield tag="599" ind1=" " ind2=" ">
         <subfield code="a">ark:/88435/j96023270</subfield>
         <subfield code="b">bmtnaag_1918-02_01</subfield>
         <subfield code="v">vol.1,no.5 1918-02</subfield>
      </datafield>
      <marc:datafield tag="650" ind1=" " ind2="0">
         <marc:subfield code="a">Art</marc:subfield>
         <marc:subfield code="v">Periodicals.</marc:subfield>
      </marc:datafield>
      <marc:datafield tag="650" ind1=" " ind2="0">
         <marc:subfield code="a">Art</marc:subfield>
         <marc:subfield code="z">Scandinavia</marc:subfield>
         <marc:subfield code="v">Periodicals.</marc:subfield>
      </marc:datafield>
      <marc:datafield tag="856" ind1="4" ind2="1">
         <marc:subfield code="u">http://arks.princeton.edu/ark:/88435/ms35tb01k</marc:subfield>
      </marc:datafield>
      <marc:datafield tag="904" ind1=" " ind2=" ">
         <marc:subfield code="a">slt</marc:subfield>
         <marc:subfield code="b">o</marc:subfield>
         <marc:subfield code="h">m</marc:subfield>
         <marc:subfield code="c">s</marc:subfield>
         <marc:subfield code="e">20071210</marc:subfield>
      </marc:datafield>
      <marc:datafield tag="902" ind1=" " ind2=" ">
         <marc:subfield code="a">rph</marc:subfield>
         <marc:subfield code="b">m</marc:subfield>
         <marc:subfield code="6">a</marc:subfield>
         <marc:subfield code="7">s</marc:subfield>
         <marc:subfield code="d">v</marc:subfield>
         <marc:subfield code="f">4</marc:subfield>
         <marc:subfield code="e">20080125</marc:subfield>
      </marc:datafield>
   </record>
</collection>
